%THERE SHOULD BE NO SPACES BETWEEN THE TEXT AFTER MISC SO WIKI, DDUOCOLLEGE, THERMOCOUPLEINFO ALL HAVE NO SPACES 
@misc{Minitab,
	title        = {Contour plots and 3D surface plots},
	journal      = {Minitab},
	howpublished = {\url{https://support.minitab.com/en-us/minitab/21/help-and-how-to/statistical-modeling/using-fitted-models/supporting-topics/graphs/contour-plots-and-3d-surface-plots/}}
}