%THERE SHOULD BE NO SPACES BETWEEN THE TEXT AFTER MISC SO WIKI, DDUOCOLLEGE, THERMOCOUPLEINFO ALL HAVE NO SPACES 
@misc{MathWorks,
	title        = {Programming scripts, functions, and classes},
	journal      = {Mathworks},
	howpublished = {\url{https://www.mathworks.com/help/matlab/programming-and-data-types.html}}
}